@misc{TF,
  title = "TensorFlow website",
  url = "https://www.tensorflow.org/",
  note = "Accessed: 2017-11-21"
}
@misc{DL,
  title = "Deeplearning4j website",
  url = "https://deeplearning4j.org/",
  note = "Accessed: 2017-11-21"
}
@misc{OCV,
  title = "OpenCV library website",
  url = "https://opencv.org/",
  note = "Accessed: 2017-11-21"
}
@misc{OC,
  title = "OCR - Optical Character Recognition",
  url = "http://www.recogniform.net/eng/ocr-optical-character-recognition.html",
  note = "Accessed: 2017-11-21"
}
@misc{IC,
  title = "The Difference Between OCR and ICR and Why It Matters for Organizations Using DMS",
  url = "https://www.efilecabinet.com/the-difference-between-ocr-and-icr-and-why-it-matters-for-organizations-using-dms/",
  note = "Accessed: 2017-11-21"
}
@misc{IW,
  title = "Intelligent Word Recognition",
  url = "http://captricity.com/intelligent-word-recognition/",
  note = "Accessed: 2017-11-21"
}
@misc{UIM,
  title = "Linux vs. Windows device driver model: architecture, APIs and build environment comparison",
  url = "https://en.wikibooks.org/wiki/A-level_Computing/CIE/Computer_systems,_communications_and_software/System_software/User_interfaces",
  note = "Accessed: 2017-11-21"
}
